%YAML 1.1
%TAG !u! tag:unity3d.com,2011:
--- !u!29 &1
OcclusionCullingSettings:
  m_ObjectHideFlags: 0
  serializedVersion: 2
  m_OcclusionBakeSettings:
    smallestOccluder: 5
    smallestHole: 0.25
    backfaceThreshold: 100
  m_SceneGUID: 00000000000000000000000000000000
  m_OcclusionCullingData: {fileID: 0}
--- !u!104 &2
RenderSettings:
  m_ObjectHideFlags: 0
  serializedVersion: 9
  m_Fog: 0
  m_FogColor: {r: 0.5, g: 0.5, b: 0.5, a: 1}
  m_FogMode: 3
  m_FogDensity: 0.01
  m_LinearFogStart: 0
  m_LinearFogEnd: 300
  m_AmbientSkyColor: {r: 0.212, g: 0.227, b: 0.259, a: 1}
  m_AmbientEquatorColor: {r: 0.114, g: 0.125, b: 0.133, a: 1}
  m_AmbientGroundColor: {r: 0.047, g: 0.043, b: 0.035, a: 1}
  m_AmbientIntensity: 1
  m_AmbientMode: 3
  m_SubtractiveShadowColor: {r: 0.42, g: 0.478, b: 0.627, a: 1}
  m_SkyboxMaterial: {fileID: 0}
  m_HaloStrength: 0.5
  m_FlareStrength: 1
  m_FlareFadeSpeed: 3
  m_HaloTexture: {fileID: 0}
  m_SpotCookie: {fileID: 10001, guid: 0000000000000000e000000000000000, type: 0}
  m_DefaultReflectionMode: 0
  m_DefaultReflectionResolution: 128
  m_ReflectionBounces: 1
  m_ReflectionIntensity: 1
  m_CustomReflection: {fileID: 0}
  m_Sun: {fileID: 0}
  m_IndirectSpecularColor: {r: 0, g: 0, b: 0, a: 1}
  m_UseRadianceAmbientProbe: 0
--- !u!157 &3
LightmapSettings:
  m_ObjectHideFlags: 0
  serializedVersion: 12
  m_GIWorkflowMode: 1
  m_GISettings:
    serializedVersion: 2
    m_BounceScale: 1
    m_IndirectOutputScale: 1
    m_AlbedoBoost: 1
    m_EnvironmentLightingMode: 0
    m_EnableBakedLightmaps: 0
    m_EnableRealtimeLightmaps: 0
  m_LightmapEditorSettings:
    serializedVersion: 12
    m_Resolution: 2
    m_BakeResolution: 40
    m_AtlasSize: 1024
    m_AO: 0
    m_AOMaxDistance: 1
    m_CompAOExponent: 1
    m_CompAOExponentDirect: 0
    m_ExtractAmbientOcclusion: 0
    m_Padding: 2
    m_LightmapParameters: {fileID: 0}
    m_LightmapsBakeMode: 1
    m_TextureCompression: 1
    m_FinalGather: 0
    m_FinalGatherFiltering: 1
    m_FinalGatherRayCount: 256
    m_ReflectionCompression: 2
    m_MixedBakeMode: 2
    m_BakeBackend: 1
    m_PVRSampling: 1
    m_PVRDirectSampleCount: 32
    m_PVRSampleCount: 512
    m_PVRBounces: 2
    m_PVREnvironmentSampleCount: 256
    m_PVREnvironmentReferencePointCount: 2048
    m_PVRFilteringMode: 1
    m_PVRDenoiserTypeDirect: 1
    m_PVRDenoiserTypeIndirect: 1
    m_PVRDenoiserTypeAO: 1
    m_PVRFilterTypeDirect: 0
    m_PVRFilterTypeIndirect: 0
    m_PVRFilterTypeAO: 0
    m_PVREnvironmentMIS: 1
    m_PVRCulling: 1
    m_PVRFilteringGaussRadiusDirect: 1
    m_PVRFilteringGaussRadiusIndirect: 5
    m_PVRFilteringGaussRadiusAO: 2
    m_PVRFilteringAtrousPositionSigmaDirect: 0.5
    m_PVRFilteringAtrousPositionSigmaIndirect: 2
    m_PVRFilteringAtrousPositionSigmaAO: 1
    m_ExportTrainingData: 0
    m_TrainingDataDestination: TrainingData
    m_LightProbeSampleCountMultiplier: 4
  m_LightingDataAsset: {fileID: 0}
  m_LightingSettings: {fileID: 0}
--- !u!196 &4
NavMeshSettings:
  serializedVersion: 2
  m_ObjectHideFlags: 0
  m_BuildSettings:
    serializedVersion: 3
    agentTypeID: 0
    agentRadius: 0.5
    agentHeight: 2
    agentSlope: 45
    agentClimb: 0.4
    ledgeDropHeight: 0
    maxJumpAcrossDistance: 0
    minRegionArea: 2
    manualCellSize: 0
    cellSize: 0.16666667
    manualTileSize: 0
    tileSize: 256
    buildHeightMesh: 0
    maxJobWorkers: 0
    preserveTilesOutsideBounds: 0
    debug:
      m_Flags: 0
  m_NavMeshData: {fileID: 0}
--- !u!1 &100830751
GameObject:
  m_ObjectHideFlags: 0
  m_CorrespondingSourceObject: {fileID: 0}
  m_PrefabInstance: {fileID: 0}
  m_PrefabAsset: {fileID: 0}
  serializedVersion: 6
  m_Component:
  - component: {fileID: 100830756}
  - component: {fileID: 100830755}
  - component: {fileID: 100830754}
  - component: {fileID: 100830753}
  - component: {fileID: 100830752}
  m_Layer: 0
  m_Name: Main Camera
  m_TagString: MainCamera
  m_Icon: {fileID: 0}
  m_NavMeshLayer: 0
  m_StaticEditorFlags: 0
  m_IsActive: 1
--- !u!114 &100830752
MonoBehaviour:
  m_ObjectHideFlags: 0
  m_CorrespondingSourceObject: {fileID: 0}
  m_PrefabInstance: {fileID: 0}
  m_PrefabAsset: {fileID: 0}
  m_GameObject: {fileID: 100830751}
  m_Enabled: 1
  m_EditorHideFlags: 0
  m_Script: {fileID: 11500000, guid: 145567fb2ac6216438386b930ceb415a, type: 3}
  m_Name: 
  m_EditorClassIdentifier: 
--- !u!114 &100830753
MonoBehaviour:
  m_ObjectHideFlags: 0
  m_CorrespondingSourceObject: {fileID: 0}
  m_PrefabInstance: {fileID: 0}
  m_PrefabAsset: {fileID: 0}
  m_GameObject: {fileID: 100830751}
  m_Enabled: 1
  m_EditorHideFlags: 0
  m_Script: {fileID: 11500000, guid: 6a160d838ff8b4b4693ac20007e008c7, type: 3}
  m_Name: 
  m_EditorClassIdentifier: 
  m_AssetsPPU: 128
  m_RefResolutionX: 1920
  m_RefResolutionY: 1080
  m_UpscaleRT: 0
  m_PixelSnapping: 1
  m_CropFrameX: 0
  m_CropFrameY: 0
  m_StretchFill: 0
--- !u!81 &100830754
AudioListener:
  m_ObjectHideFlags: 0
  m_CorrespondingSourceObject: {fileID: 0}
  m_PrefabInstance: {fileID: 0}
  m_PrefabAsset: {fileID: 0}
  m_GameObject: {fileID: 100830751}
  m_Enabled: 1
--- !u!20 &100830755
Camera:
  m_ObjectHideFlags: 0
  m_CorrespondingSourceObject: {fileID: 0}
  m_PrefabInstance: {fileID: 0}
  m_PrefabAsset: {fileID: 0}
  m_GameObject: {fileID: 100830751}
  m_Enabled: 1
  serializedVersion: 2
  m_ClearFlags: 1
  m_BackGroundColor: {r: 0.19215687, g: 0.3019608, b: 0.4745098, a: 0}
  m_projectionMatrixMode: 1
  m_GateFitMode: 2
  m_FOVAxisMode: 0
  m_Iso: 200
  m_ShutterSpeed: 0.005
  m_Aperture: 16
  m_FocusDistance: 10
  m_FocalLength: 50
  m_BladeCount: 5
  m_Curvature: {x: 2, y: 11}
  m_BarrelClipping: 0.25
  m_Anamorphism: 0
  m_SensorSize: {x: 36, y: 24}
  m_LensShift: {x: 0, y: 0}
  m_NormalizedViewPortRect:
    serializedVersion: 2
    x: 0
    y: 0
    width: 1
    height: 1
  near clip plane: 0.3
  far clip plane: 1000
  field of view: 60
  orthographic: 1
  orthographic size: 3
  m_Depth: -1
  m_CullingMask:
    serializedVersion: 2
    m_Bits: 4294967295
  m_RenderingPath: -1
  m_TargetTexture: {fileID: 0}
  m_TargetDisplay: 0
  m_TargetEye: 3
  m_HDR: 1
  m_AllowMSAA: 1
  m_AllowDynamicResolution: 0
  m_ForceIntoRT: 0
  m_OcclusionCulling: 1
  m_StereoConvergence: 10
  m_StereoSeparation: 0.022
--- !u!4 &100830756
Transform:
  m_ObjectHideFlags: 0
  m_CorrespondingSourceObject: {fileID: 0}
  m_PrefabInstance: {fileID: 0}
  m_PrefabAsset: {fileID: 0}
  m_GameObject: {fileID: 100830751}
  serializedVersion: 2
  m_LocalRotation: {x: 0, y: 0, z: 0, w: 1}
  m_LocalPosition: {x: 0, y: 0, z: -10}
  m_LocalScale: {x: 1, y: 1, z: 1}
  m_ConstrainProportionsScale: 0
  m_Children: []
  m_Father: {fileID: 0}
  m_LocalEulerAnglesHint: {x: 0, y: 0, z: 0}
--- !u!1 &532266101 stripped
GameObject:
  m_CorrespondingSourceObject: {fileID: 4141743593945457755, guid: ffcb0a7df01f9cb4ba948370335b5a3b, type: 3}
  m_PrefabInstance: {fileID: 1320870670}
  m_PrefabAsset: {fileID: 0}
--- !u!114 &532266103
MonoBehaviour:
  m_ObjectHideFlags: 0
  m_CorrespondingSourceObject: {fileID: 0}
  m_PrefabInstance: {fileID: 0}
  m_PrefabAsset: {fileID: 0}
  m_GameObject: {fileID: 532266101}
  m_Enabled: 1
  m_EditorHideFlags: 0
  m_Script: {fileID: 11500000, guid: a897d430537eb95449bf4bcb736e6819, type: 3}
  m_Name: 
  m_EditorClassIdentifier: 
  interactables: []
--- !u!114 &765134744 stripped
MonoBehaviour:
  m_CorrespondingSourceObject: {fileID: 516174779799823734, guid: ffcb0a7df01f9cb4ba948370335b5a3b, type: 3}
  m_PrefabInstance: {fileID: 1320870670}
  m_PrefabAsset: {fileID: 0}
  m_GameObject: {fileID: 0}
  m_Enabled: 1
  m_EditorHideFlags: 0
  m_Script: {fileID: 11500000, guid: a5e69e8d6c16d26419f6afda2d0ef7f5, type: 3}
  m_Name: 
  m_EditorClassIdentifier: 
--- !u!1001 &1320870670
PrefabInstance:
  m_ObjectHideFlags: 0
  serializedVersion: 2
  m_Modification:
    serializedVersion: 3
    m_TransformParent: {fileID: 0}
    m_Modifications:
    - target: {fileID: 516174779799823734, guid: ffcb0a7df01f9cb4ba948370335b5a3b, type: 3}
      propertyPath: acceleration
      value: 0.25
      objectReference: {fileID: 0}
    - target: {fileID: 516174779799823734, guid: ffcb0a7df01f9cb4ba948370335b5a3b, type: 3}
      propertyPath: deceleration
      value: 1
      objectReference: {fileID: 0}
    - target: {fileID: 516174779799823734, guid: ffcb0a7df01f9cb4ba948370335b5a3b, type: 3}
      propertyPath: movementSpeed
      value: 5
      objectReference: {fileID: 0}
    - target: {fileID: 516174779799823734, guid: ffcb0a7df01f9cb4ba948370335b5a3b, type: 3}
      propertyPath: cameraMovement.m_Curve.Array.size
      value: 3
      objectReference: {fileID: 0}
    - target: {fileID: 516174779799823734, guid: ffcb0a7df01f9cb4ba948370335b5a3b, type: 3}
      propertyPath: cameraMovement.m_Curve.Array.data[0].time
      value: -0.0083351135
      objectReference: {fileID: 0}
    - target: {fileID: 516174779799823734, guid: ffcb0a7df01f9cb4ba948370335b5a3b, type: 3}
      propertyPath: cameraMovement.m_Curve.Array.data[1].time
      value: 0.20374054
      objectReference: {fileID: 0}
    - target: {fileID: 516174779799823734, guid: ffcb0a7df01f9cb4ba948370335b5a3b, type: 3}
      propertyPath: cameraMovement.m_Curve.Array.data[2].time
      value: 0.9958374
      objectReference: {fileID: 0}
    - target: {fileID: 516174779799823734, guid: ffcb0a7df01f9cb4ba948370335b5a3b, type: 3}
      propertyPath: cameraMovement.m_Curve.Array.data[3].time
      value: 1
      objectReference: {fileID: 0}
    - target: {fileID: 516174779799823734, guid: ffcb0a7df01f9cb4ba948370335b5a3b, type: 3}
      propertyPath: cameraMovement.m_Curve.Array.data[0].value
      value: 0.41235352
      objectReference: {fileID: 0}
    - target: {fileID: 516174779799823734, guid: ffcb0a7df01f9cb4ba948370335b5a3b, type: 3}
      propertyPath: cameraMovement.m_Curve.Array.data[1].value
      value: 0.93038774
      objectReference: {fileID: 0}
    - target: {fileID: 516174779799823734, guid: ffcb0a7df01f9cb4ba948370335b5a3b, type: 3}
      propertyPath: cameraMovement.m_Curve.Array.data[2].value
      value: 0.9929321
      objectReference: {fileID: 0}
    - target: {fileID: 516174779799823734, guid: ffcb0a7df01f9cb4ba948370335b5a3b, type: 3}
      propertyPath: cameraMovement.m_Curve.Array.data[3].value
      value: 1
      objectReference: {fileID: 0}
    - target: {fileID: 516174779799823734, guid: ffcb0a7df01f9cb4ba948370335b5a3b, type: 3}
      propertyPath: cameraMovement.m_Curve.Array.data[0].inSlope
      value: 6.2649307
      objectReference: {fileID: 0}
    - target: {fileID: 516174779799823734, guid: ffcb0a7df01f9cb4ba948370335b5a3b, type: 3}
      propertyPath: cameraMovement.m_Curve.Array.data[1].inSlope
      value: 0.23251368
      objectReference: {fileID: 0}
    - target: {fileID: 516174779799823734, guid: ffcb0a7df01f9cb4ba948370335b5a3b, type: 3}
      propertyPath: cameraMovement.m_Curve.Array.data[2].inSlope
      value: 0.007966382
      objectReference: {fileID: 0}
    - target: {fileID: 516174779799823734, guid: ffcb0a7df01f9cb4ba948370335b5a3b, type: 3}
      propertyPath: cameraMovement.m_Curve.Array.data[3].inSlope
      value: 1.9346203
      objectReference: {fileID: 0}
    - target: {fileID: 516174779799823734, guid: ffcb0a7df01f9cb4ba948370335b5a3b, type: 3}
      propertyPath: cameraMovement.m_Curve.Array.data[0].inWeight
      value: 0
      objectReference: {fileID: 0}
    - target: {fileID: 516174779799823734, guid: ffcb0a7df01f9cb4ba948370335b5a3b, type: 3}
      propertyPath: cameraMovement.m_Curve.Array.data[0].outSlope
      value: 6.2649307
      objectReference: {fileID: 0}
    - target: {fileID: 516174779799823734, guid: ffcb0a7df01f9cb4ba948370335b5a3b, type: 3}
      propertyPath: cameraMovement.m_Curve.Array.data[1].inWeight
      value: 0.33333334
      objectReference: {fileID: 0}
    - target: {fileID: 516174779799823734, guid: ffcb0a7df01f9cb4ba948370335b5a3b, type: 3}
      propertyPath: cameraMovement.m_Curve.Array.data[1].outSlope
      value: 0.23251368
      objectReference: {fileID: 0}
    - target: {fileID: 516174779799823734, guid: ffcb0a7df01f9cb4ba948370335b5a3b, type: 3}
      propertyPath: cameraMovement.m_Curve.Array.data[2].inWeight
      value: 0.5941439
      objectReference: {fileID: 0}
    - target: {fileID: 516174779799823734, guid: ffcb0a7df01f9cb4ba948370335b5a3b, type: 3}
      propertyPath: cameraMovement.m_Curve.Array.data[2].outSlope
      value: 0.007966382
      objectReference: {fileID: 0}
    - target: {fileID: 516174779799823734, guid: ffcb0a7df01f9cb4ba948370335b5a3b, type: 3}
      propertyPath: cameraMovement.m_Curve.Array.data[3].inWeight
      value: 0.33333334
      objectReference: {fileID: 0}
    - target: {fileID: 516174779799823734, guid: ffcb0a7df01f9cb4ba948370335b5a3b, type: 3}
      propertyPath: cameraMovement.m_Curve.Array.data[3].outSlope
      value: 1.9346203
      objectReference: {fileID: 0}
    - target: {fileID: 516174779799823734, guid: ffcb0a7df01f9cb4ba948370335b5a3b, type: 3}
      propertyPath: cameraMovement.m_Curve.Array.data[0].outWeight
      value: 0.09635122
      objectReference: {fileID: 0}
    - target: {fileID: 516174779799823734, guid: ffcb0a7df01f9cb4ba948370335b5a3b, type: 3}
      propertyPath: cameraMovement.m_Curve.Array.data[1].outWeight
      value: 0.21569468
      objectReference: {fileID: 0}
    - target: {fileID: 516174779799823734, guid: ffcb0a7df01f9cb4ba948370335b5a3b, type: 3}
      propertyPath: cameraMovement.m_Curve.Array.data[2].outWeight
      value: 0
      objectReference: {fileID: 0}
    - target: {fileID: 516174779799823734, guid: ffcb0a7df01f9cb4ba948370335b5a3b, type: 3}
      propertyPath: cameraMovement.m_Curve.Array.data[0].tangentMode
      value: 0
      objectReference: {fileID: 0}
    - target: {fileID: 516174779799823734, guid: ffcb0a7df01f9cb4ba948370335b5a3b, type: 3}
      propertyPath: cameraMovement.m_Curve.Array.data[1].tangentMode
      value: 0
      objectReference: {fileID: 0}
    - target: {fileID: 516174779799823734, guid: ffcb0a7df01f9cb4ba948370335b5a3b, type: 3}
      propertyPath: cameraMovement.m_Curve.Array.data[2].tangentMode
      value: 0
      objectReference: {fileID: 0}
    - target: {fileID: 516174779799823734, guid: ffcb0a7df01f9cb4ba948370335b5a3b, type: 3}
      propertyPath: cameraMovement.m_Curve.Array.data[3].tangentMode
      value: 34
      objectReference: {fileID: 0}
    - target: {fileID: 1723029184870447293, guid: ffcb0a7df01f9cb4ba948370335b5a3b, type: 3}
      propertyPath: m_Name
      value: Player
      objectReference: {fileID: 0}
    - target: {fileID: 1759206901607151281, guid: ffcb0a7df01f9cb4ba948370335b5a3b, type: 3}
      propertyPath: m_Enabled
      value: 1
      objectReference: {fileID: 0}
    - target: {fileID: 5261659197921650917, guid: ffcb0a7df01f9cb4ba948370335b5a3b, type: 3}
      propertyPath: m_Pivot.x
      value: 0.5
      objectReference: {fileID: 0}
    - target: {fileID: 5261659197921650917, guid: ffcb0a7df01f9cb4ba948370335b5a3b, type: 3}
      propertyPath: m_Pivot.y
      value: 0.5
      objectReference: {fileID: 0}
    - target: {fileID: 5261659197921650917, guid: ffcb0a7df01f9cb4ba948370335b5a3b, type: 3}
      propertyPath: m_AnchorMax.x
      value: 0.5
      objectReference: {fileID: 0}
    - target: {fileID: 5261659197921650917, guid: ffcb0a7df01f9cb4ba948370335b5a3b, type: 3}
      propertyPath: m_AnchorMax.y
      value: 0.5
      objectReference: {fileID: 0}
    - target: {fileID: 5261659197921650917, guid: ffcb0a7df01f9cb4ba948370335b5a3b, type: 3}
      propertyPath: m_AnchorMin.x
      value: 0.5
      objectReference: {fileID: 0}
    - target: {fileID: 5261659197921650917, guid: ffcb0a7df01f9cb4ba948370335b5a3b, type: 3}
      propertyPath: m_AnchorMin.y
      value: 0.5
      objectReference: {fileID: 0}
    - target: {fileID: 5261659197921650917, guid: ffcb0a7df01f9cb4ba948370335b5a3b, type: 3}
      propertyPath: m_SizeDelta.x
      value: 1
      objectReference: {fileID: 0}
    - target: {fileID: 5261659197921650917, guid: ffcb0a7df01f9cb4ba948370335b5a3b, type: 3}
      propertyPath: m_SizeDelta.y
      value: 1
      objectReference: {fileID: 0}
    - target: {fileID: 5261659197921650917, guid: ffcb0a7df01f9cb4ba948370335b5a3b, type: 3}
      propertyPath: m_LocalPosition.x
      value: 0
      objectReference: {fileID: 0}
    - target: {fileID: 5261659197921650917, guid: ffcb0a7df01f9cb4ba948370335b5a3b, type: 3}
      propertyPath: m_LocalPosition.y
      value: 0
      objectReference: {fileID: 0}
    - target: {fileID: 5261659197921650917, guid: ffcb0a7df01f9cb4ba948370335b5a3b, type: 3}
      propertyPath: m_LocalPosition.z
      value: 0
      objectReference: {fileID: 0}
    - target: {fileID: 5261659197921650917, guid: ffcb0a7df01f9cb4ba948370335b5a3b, type: 3}
      propertyPath: m_LocalRotation.w
      value: 1
      objectReference: {fileID: 0}
    - target: {fileID: 5261659197921650917, guid: ffcb0a7df01f9cb4ba948370335b5a3b, type: 3}
      propertyPath: m_LocalRotation.x
      value: 0
      objectReference: {fileID: 0}
    - target: {fileID: 5261659197921650917, guid: ffcb0a7df01f9cb4ba948370335b5a3b, type: 3}
      propertyPath: m_LocalRotation.y
      value: 0
      objectReference: {fileID: 0}
    - target: {fileID: 5261659197921650917, guid: ffcb0a7df01f9cb4ba948370335b5a3b, type: 3}
      propertyPath: m_LocalRotation.z
      value: 0
      objectReference: {fileID: 0}
    - target: {fileID: 5261659197921650917, guid: ffcb0a7df01f9cb4ba948370335b5a3b, type: 3}
      propertyPath: m_AnchoredPosition.x
      value: -0.57
      objectReference: {fileID: 0}
    - target: {fileID: 5261659197921650917, guid: ffcb0a7df01f9cb4ba948370335b5a3b, type: 3}
      propertyPath: m_AnchoredPosition.y
      value: 2.44
      objectReference: {fileID: 0}
    - target: {fileID: 5261659197921650917, guid: ffcb0a7df01f9cb4ba948370335b5a3b, type: 3}
      propertyPath: m_LocalEulerAnglesHint.x
      value: 0
      objectReference: {fileID: 0}
    - target: {fileID: 5261659197921650917, guid: ffcb0a7df01f9cb4ba948370335b5a3b, type: 3}
      propertyPath: m_LocalEulerAnglesHint.y
      value: 0
      objectReference: {fileID: 0}
    - target: {fileID: 5261659197921650917, guid: ffcb0a7df01f9cb4ba948370335b5a3b, type: 3}
      propertyPath: m_LocalEulerAnglesHint.z
      value: 0
      objectReference: {fileID: 0}
    - target: {fileID: 6995150820254501012, guid: ffcb0a7df01f9cb4ba948370335b5a3b, type: 3}
      propertyPath: m_Enabled
      value: 0
      objectReference: {fileID: 0}
    - target: {fileID: 9143604850745705065, guid: ffcb0a7df01f9cb4ba948370335b5a3b, type: 3}
      propertyPath: m_SortingOrder
      value: 1
      objectReference: {fileID: 0}
    m_RemovedComponents: []
    m_RemovedGameObjects: []
    m_AddedGameObjects: []
    m_AddedComponents:
    - targetCorrespondingSourceObject: {fileID: 4141743593945457755, guid: ffcb0a7df01f9cb4ba948370335b5a3b, type: 3}
      insertIndex: -1
      addedObject: {fileID: 532266103}
  m_SourcePrefab: {fileID: 100100000, guid: ffcb0a7df01f9cb4ba948370335b5a3b, type: 3}
--- !u!1 &1934661367
GameObject:
  m_ObjectHideFlags: 0
  m_CorrespondingSourceObject: {fileID: 0}
  m_PrefabInstance: {fileID: 0}
  m_PrefabAsset: {fileID: 0}
  serializedVersion: 6
  m_Component:
  - component: {fileID: 1934661369}
  - component: {fileID: 1934661368}
  m_Layer: 0
  m_Name: Game Manager
  m_TagString: Untagged
  m_Icon: {fileID: 0}
  m_NavMeshLayer: 0
  m_StaticEditorFlags: 0
  m_IsActive: 1
--- !u!114 &1934661368
MonoBehaviour:
  m_ObjectHideFlags: 0
  m_CorrespondingSourceObject: {fileID: 0}
  m_PrefabInstance: {fileID: 0}
  m_PrefabAsset: {fileID: 0}
  m_GameObject: {fileID: 1934661367}
  m_Enabled: 1
  m_EditorHideFlags: 0
  m_Script: {fileID: 11500000, guid: 6823df3690a5c9d4fa2241b1e306d7ed, type: 3}
  m_Name: 
  m_EditorClassIdentifier: 
  player: {fileID: 765134744}
  conversationPlayer: {fileID: 0}
  takingOrders: {fileID: 0}
  patronSpawner: {fileID: 0}
  mainCamera: {fileID: 100830751}
  foodMenu: {fileID: 0}
  chef: {fileID: 0}
  lastUsedInput: 0
--- !u!4 &1934661369
Transform:
  m_ObjectHideFlags: 0
  m_CorrespondingSourceObject: {fileID: 0}
  m_PrefabInstance: {fileID: 0}
  m_PrefabAsset: {fileID: 0}
  m_GameObject: {fileID: 1934661367}
  serializedVersion: 2
  m_LocalRotation: {x: 0, y: 0, z: 0, w: 1}
  m_LocalPosition: {x: 0, y: 0, z: 0}
  m_LocalScale: {x: 1, y: 1, z: 1}
  m_ConstrainProportionsScale: 0
  m_Children: []
  m_Father: {fileID: 0}
  m_LocalEulerAnglesHint: {x: 0, y: 0, z: 0}
--- !u!1001 &282212195799218978
PrefabInstance:
  m_ObjectHideFlags: 0
  serializedVersion: 2
  m_Modification:
    serializedVersion: 3
    m_TransformParent: {fileID: 0}
    m_Modifications:
    - target: {fileID: 6775119082344808993, guid: c30c5030f8a0ed34b83a4a0b74a235de, type: 3}
      propertyPath: m_LocalPosition.x
      value: 0
      objectReference: {fileID: 0}
    - target: {fileID: 6775119082344808993, guid: c30c5030f8a0ed34b83a4a0b74a235de, type: 3}
      propertyPath: m_LocalPosition.y
      value: 0
      objectReference: {fileID: 0}
    - target: {fileID: 6775119082344808993, guid: c30c5030f8a0ed34b83a4a0b74a235de, type: 3}
      propertyPath: m_LocalPosition.z
      value: 0
      objectReference: {fileID: 0}
    - target: {fileID: 6775119082344808993, guid: c30c5030f8a0ed34b83a4a0b74a235de, type: 3}
      propertyPath: m_LocalRotation.w
      value: 1
      objectReference: {fileID: 0}
    - target: {fileID: 6775119082344808993, guid: c30c5030f8a0ed34b83a4a0b74a235de, type: 3}
      propertyPath: m_LocalRotation.x
      value: 0
      objectReference: {fileID: 0}
    - target: {fileID: 6775119082344808993, guid: c30c5030f8a0ed34b83a4a0b74a235de, type: 3}
      propertyPath: m_LocalRotation.y
      value: 0
      objectReference: {fileID: 0}
    - target: {fileID: 6775119082344808993, guid: c30c5030f8a0ed34b83a4a0b74a235de, type: 3}
      propertyPath: m_LocalRotation.z
      value: 0
      objectReference: {fileID: 0}
    - target: {fileID: 6775119082344808993, guid: c30c5030f8a0ed34b83a4a0b74a235de, type: 3}
      propertyPath: m_LocalEulerAnglesHint.x
      value: 0
      objectReference: {fileID: 0}
    - target: {fileID: 6775119082344808993, guid: c30c5030f8a0ed34b83a4a0b74a235de, type: 3}
      propertyPath: m_LocalEulerAnglesHint.y
      value: 0
      objectReference: {fileID: 0}
    - target: {fileID: 6775119082344808993, guid: c30c5030f8a0ed34b83a4a0b74a235de, type: 3}
      propertyPath: m_LocalEulerAnglesHint.z
      value: 0
      objectReference: {fileID: 0}
    - target: {fileID: 9152016328675582168, guid: c30c5030f8a0ed34b83a4a0b74a235de, type: 3}
      propertyPath: m_Name
      value: Day 1 Layout
      objectReference: {fileID: 0}
    m_RemovedComponents: []
    m_RemovedGameObjects: []
    m_AddedGameObjects: []
    m_AddedComponents: []
  m_SourcePrefab: {fileID: 100100000, guid: c30c5030f8a0ed34b83a4a0b74a235de, type: 3}
--- !u!1660057539 &9223372036854775807
SceneRoots:
  m_ObjectHideFlags: 0
  m_Roots:
  - {fileID: 282212195799218978}
  - {fileID: 1934661369}
  - {fileID: 100830756}
  - {fileID: 1320870670}
